@article{Baldi20129802,
title = "The three-dimensional knapsack problem with balancing constraints ",
journal = "Applied Mathematics and Computation ",
volume = "218",
number = "19",
pages = "9802 - 9818",
year = "2012",
note = "",
issn = "0096-3003",
doi = "http://doi.org/10.1016/j.amc.2012.03.052",
url = "http://www.sciencedirect.com/science/article/pii/S0096300312002913",
author = "Mauro Maria Baldi and Guido Perboli and Roberto Tadei",
keywords = "3D knapsack",
keywords = "Load balancing",
keywords = "MIP model",
keywords = "Heuristic "
}


@misc{cpu,
  author = {Intel},
  title = {{Intel® Core™ i7-3610QM Processor}},
  howpublished = "\url{http://ark.intel.com/products/64899/Intel-Core-i7-3610QM-Processor-6M-Cache-up-to-3_30-GHz}",
  year = {2012}, 
  note = "Consultato il 17/06/2017"
}
